<?xml version="1.0" encoding="UTF-8"?><collection xmlns="http://www.loc.gov/MARC21/slim"><record><leader>00480nam--2200145-i-4500</leader><controlfield tag="001">000002260</controlfield><controlfield tag="002">20161230</controlfield><controlfield tag="005">20161230201024</controlfield><controlfield tag="008">060222s1000------------r-----000-0-eng-d</controlfield><datafield ind1=" " ind2=" " tag="080"><subfield code="a">512.8:541.1</subfield></datafield><datafield ind1=" " ind2=" " tag="100"><subfield code="a">Filippov, G.G., Stepanov, N. F</subfield></datafield><datafield ind1=" " ind2=" " tag="245"><subfield code="a">Metode ale algebrei liniare in chimia fizica. traducere de margareta craiu si alexandru butucelea</subfield></datafield><datafield ind1=" " ind2=" " tag="260"><subfield code="a">Bucuresti, Editura Stiintifica Si Enciclopedica, 1980. 375 P</subfield></datafield><datafield ind1=" " ind2=" " tag="852"><subfield code="a">48569</subfield><subfield code="c">512</subfield></datafield><datafield ind1=" " ind2=" " tag="CAT"><subfield code="a">Sys</subfield><subfield code="c">20080514</subfield><subfield code="h">143023</subfield></datafield></record></collection>